<?xml version="1.0" encoding="UTF-8"?><collection xmlns="http://www.loc.gov/MARC21/slim"><record><leader>00436nam--2200121-i-4500</leader><controlfield tag="001">000027596</controlfield><controlfield tag="002">20161230</controlfield><controlfield tag="005">20161230201036</controlfield><controlfield tag="008">060222s1000------------r-----000-0-eng-d</controlfield><datafield ind1=" " ind2=" " tag="100"><subfield code="a">Krauch, H., Kunz, W</subfield></datafield><datafield ind1=" " ind2=" " tag="245"><subfield code="a">Namenreaktionen der organischen chemie. ein beitrag zur terminologie der organischen chemie, biochemie und theor.org.chemie. 2.verbesserte auflage</subfield></datafield><datafield ind1=" " ind2=" " tag="260"><subfield code="a">Heidelberg, Alfred Huthig Verlag, 1962, Xx + 596p</subfield></datafield><datafield ind1=" " ind2=" " tag="852"><subfield code="a">18008</subfield></datafield></record></collection>